@BOOK{buckland, 
	title={Programming Game AI By Example (Wordware Game Developers Library)},
	author={Mat Buckland},
	publisher={Jones \& Bartlett Learning},
	year={2004},
	month={9},
	edition={1},
	isbn={9781556220784},
	url={http://amazon.com/o/ASIN/1556220782/},
	price={$49.95},
	totalpages={495},
	timestamp={2015.03.25},
}

@misc{blueprint,
	author = {Epic Games},
	title = {Blueprint Overview},
	date = {21-12-2015},
	url = {https://docs.unrealengine.com/latest/INT/Engine/Blueprints/Overview/index.html},
	year = {2015}
}

@misc{blueprintmerge,
	author = {Epic Games},
	title = {Blueprint Merge Topics},
	date = {22-12-2015},
	url = {https://answers.unrealengine.com/questions/topics/merge.html},
	year = {2015}
}

@misc{githubterms,
	author = {GitHub},
	title = {GitHub Terms of Service},
	date = {22-12-2015},
	url = {https://help.github.com/articles/github-terms-of-service/},
	year = {2015}
}
